-*- BibTeX -*-
=====================================
This file has been created by
bibAuxExtract.edt on 28.03.07 at 22:51.
=====================================


@Article{Emparan:2001wn,
     author    = "Emparan, Roberto and Reall, Harvey S.",
     title     = "A rotating black ring in five dimensions",
     journal   = "Phys. Rev. Lett.",
     volume    = "88",
     year      = "2002",
     pages     = "101101",
     eprint    = "hep-th/0110260",
     SLACcitation  = "%%CITATION = HEP-TH 0110260;%%"
}

@Article{Elvang:2006dd,
     author    = "Elvang, Henriette and Emparan, Roberto and Virmani, Amitabh
                  ",
     title     = "Dynamics and stability of black rings",
     journal   = "JHEP",
     volume    = "12",
     year      = "2006",
     pages     = "074",
     eprint    = "hep-th/0608076",
     SLACcitation  = "%%CITATION = HEP-TH 0608076;%%"
}

@Article{Emparan:2006mm,
     author    = "Emparan, Roberto and Reall, Harvey S.",
     title     = "Black rings",
     journal   = "Class. Quant. Grav.",
     volume    = "23",
     year      = "2006",
     pages     = "R169",
     eprint    = "hep-th/0608012",
     SLACcitation  = "%%CITATION = HEP-TH 0608012;%%"
}

@Article{Aharony:2005bm,
     author    = "Aharony, Ofer and Minwalla, Shiraz and Wiseman, Toby",
     title     = "Plasma-balls in large N gauge theories and localized black
                  holes",
     journal   = "Class. Quant. Grav.",
     volume    = "23",
     year      = "2006",
     pages     = "2171-2210",
     eprint    = "hep-th/0507219",
     SLACcitation  = "%%CITATION = HEP-TH 0507219;%%"
}

@Article{Arcioni:2004ww,
     author    = "Arcioni, Giovanni and Lozano-Tellechea, Ernesto",
     title     = "Stability and critical phenomena of black holes and black
                  rings",
     journal   = "Phys. Rev.",
     volume    = "D72",
     year      = "2005",
     pages     = "104021",
     eprint    = "hep-th/0412118",
     SLACcitation  = "%%CITATION = HEP-TH 0412118;%%"
}

@Article{Arcioni:2005fm,
     author    = "Arcioni, Giovanni and Lozano-Tellechea, Ernesto",
     title     = "Stability and thermodynamics of black rings",
     year      = "2005",
     eprint    = "hep-th/0502121",
     SLACcitation  = "%%CITATION = HEP-TH 0502121;%%"
}

@Article{Cardoso:2006sj,
     author    = "Cardoso, Vitor and Gualtieri, Leonardo",
     title     = "Equilibrium configurations of fluids and their stability in
                  higher dimensions",
     journal   = "Class. Quant. Grav.",
     volume    = "23",
     year      = "2006",
     pages     = "7151-7198",
     eprint    = "hep-th/0610004",
     SLACcitation  = "%%CITATION = HEP-TH 0610004;%%"
}



=====================================
 additional citations extracted
 on 31.03.07 at 18:23:
=====================================

@BOOK{Misner+ThorneETAL-Grav:73,
  author       = {Misner, Charles W. and Thorne, Kip S. and Wheeler, John Archibald},
  title        = {Gravitation},
  year         = {1973},
  publisher    = {W.~H.~Freeman and company },
  address      = {San Francisco},
}


=====================================
 additional citations extracted
 on 11.04.07 at 14:51:
=====================================

@MISC{Weisstein-SurfRevo:99,
  author       = {Weisstein, Eric W.},
  title        = {Surface of Revolution},
  year         = {1999},
  howpublished = {From MathWorld--A Wolfram Web Resource. \href{http://mathworld.wolfram.com/SurfaceofRevolution.html}{http://mathworld.wolfram.com/SurfaceofRevolution.html} },
}



=====================================
 additional citations extracted
 on 16.04.07 at 22:08:
=====================================

@Article{Witten:1998zw,
     author    = "Witten, Edward",
     title     = "Anti-de Sitter space, thermal phase transition, and
                  confinement in  gauge theories",
     journal   = "Adv. Theor. Math. Phys.",
     volume    = "2",
     year      = "1998",
     pages     = "505-532",
     eprint    = "hep-th/9803131",
     SLACcitation  = "%%CITATION = HEP-TH/9803131;%%"
}

@Article{Son:2007vk,
     author    = "Son, Dam T. and Starinets, Andrei O.",
     title     = "Viscosity, Black Holes, and Quantum Field Theory",
     year      = "2007",
     eprint    = "arXiv:0704.0240 [hep-th]",
     SLACcitation  = "%%CITATION = ARXIV:0704.0240;%%"
}



=====================================
 additional citations extracted
 on 04.05.07 at 17:31:
=====================================

@Article{Galloway:2005mf,
     author    = "Galloway, Gregory J. and Schoen, Richard",
     title     = "A generalization of Hawking's black hole topology theorem
                  to higher  dimensions",
     journal   = "Commun. Math. Phys.",
     volume    = "266",
     year      = "2006",
     pages     = "571-576",
     eprint    = "gr-qc/0509107",
     SLACcitation  = "%%CITATION = GR-QC/0509107;%%"
}



=====================================
 additional citations extracted
 on 23.05.07 at 13:33:
=====================================

@Article{Cardoso:2006ks,
     author    = "Cardoso, Vitor and Dias, Oscar J. C.",
     title     = "Rayleigh-Plateau and Gregory-Laflamme instabilities of
                  black strings",
     journal   = "Phys. Rev. Lett.",
     volume    = "96",
     year      = "2006",
     pages     = "181601",
     eprint    = "hep-th/0602017",
     SLACcitation  = "%%CITATION = HEP-TH/0602017;%%"
}

@Article{Cardoso:2007ka,
     author    = "Cardoso, Vitor and Dias, Oscar J. C. and Gualtieri,
                  Leonardo",
     title     = "The return of the membrane paradigm? Black holes and
                  strings in the   water tap",
     year      = "2007",
     eprint    = "arXiv:0705.2777 [hep-th]",
     SLACcitation  = "%%CITATION = ARXIV:0705.2777;%%"
}

@ARTICLE{Poincare-lequdunemassflui:85,
  author       = {Poincare, Henri},
  title        = {Sur l'equilibre d'une masse fluide {anim\'ee} d'un mouvement de rotation},
  year         = {1885},
  journal      = {Acta Mathematica},
  volume       = {7},
  pages        = {259-380},
}

@ARTICLE{1978MNRAS.183..765K,
   author = {{Katz}, J.},
    title = "{On the number of unstable modes of an equilibrium}",
  journal = {Monthly Notices of the Royal Astronomical Society},
     year = 1978,
    month = jun,
   volume = 183,
    pages = {765-770},
   adsurl = {http://adsabs.harvard.edu/abs/1978MNRAS.183..765K},
  adsnote = {Provided by the Smithsonian/NASA Astrophysics Data System}
}

@ARTICLE{1979MNRAS.189..817K,
   author = {{Katz}, J.},
    title = "{On the Number of Unstable Modes of an Equilibrium - Part Two}",
  journal = {Monthly Notices of the Royal Astronomical Society},
     year = 1979,
    month = dec,
   volume = 189,
    pages = {817},
   adsurl = {http://adsabs.harvard.edu/abs/1979MNRAS.189..817K},
  adsnote = {Provided by the Smithsonian/NASA Astrophysics Data System}
}

@Article{Sorkin:1981jc,
     author    = "Sorkin, Rafael",
     title     = "A Criterion for the onset of instability at a turning
                  point",
     journal   = "Astrophys. J.",
     volume    = "249",
     year      = "1981",
     pages     = "254-257",
     SLACcitation  = "%%CITATION = ASJOA,249,254;%%"
}

@Article{Sorkin:1982ut,
     author    = "Sorkin, Rafael D.",
     title     = "A Stability criterion for many parameter equilibrium
                  families",
     journal   = "Astrophys. J.",
     volume    = "257",
     year      = "1982",
     pages     = "847-854",
     SLACcitation  = "%%CITATION = ASJOA,257,847;%%"
}

@BOOK{Thorne+MacDonaldETAL-BlacHole:86,
  author       = {Thorne, K. S. and MacDonald, D. A.  and  Price, R. H.},
  title        = {Black Holes: The Membrane Paradigm},
  year         = {1986},
  publisher    = {Yale University Press},
}

@Article{Parikh:1997ma,
     author    = "Parikh, Maulik and Wilczek, Frank",
     title     = "An action for black hole membranes",
     journal   = "Phys. Rev.",
     volume    = "D58",
     year      = "1998",
     pages     = "064011",
     eprint    = "gr-qc/9712077",
     SLACcitation  = "%%CITATION = GR-QC/9712077;%%"
}

@Article{Emparan:2003sy,
     author    = "Emparan, Roberto and Myers, Robert C.",
     title     = "Instability of ultra-spinning black holes",
     journal   = "JHEP",
     volume    = "09",
     year      = "2003",
     pages     = "025",
     eprint    = "hep-th/0308056",
     SLACcitation  = "%%CITATION = HEP-TH/0308056;%%"
}

